@article{26X5HAFF,
 author = {Upadhayaya, Rajedra Prasad and Baral, Madhab Prasad},
 doi = {10.3126/jjis.v9i1.35284},
 journal = {Janapriya Journal of Interdisciplinary Studies},
 number = {1},
 pages = {148-158},
 title = {Trends of Climate Change in Some Selected Districts of Western Nepal},
 url = {https://www.nepjol.info/index.php/JJIS/article/view/35284},
 volume = {9},
 year = {2020}
}

@article{2B6AFP2M,
 author = {Panagos, Panos and Standardi, Gabriele and Borrelli, Pasquale and Lugato, Emanuele and Montanarella, Luca and Bosello, Francesco},
 doi = {10.1002/ldr.2879},
 journal = {Land Degradation & Development},
 number = {3},
 pages = {471-484},
 title = {Cost of agricultural productivity loss due to soil erosion in the European Union: From direct cost evaluation approaches to the use of macroeconomic models},
 url = {https://onlinelibrary.wiley.com/doi/10.1002/ldr.2879},
 volume = {29},
 year = {03/2018}
}

@article{2XQUEWGG,
 author = {Aryal, Dibit and Wang, Lei and Adhikari, Tirtha Raj and Zhou, Jing and Li, Xiuping and Shrestha, Maheswor and Wang, Yuanwei and Chen, Deliang},
 doi = {10.3390/w12020540},
 journal = {Water},
 number = {2},
 pages = {540},
 title = {A Model-Based Flood Hazard Mapping on the Southern Slope of Himalaya},
 url = {https://www.mdpi.com/2073-4441/12/2/540},
 volume = {12},
 year = {2020}
}

@article{3FYMMUDZ,
 author = {Gyawaly, Pankaj and Shrestha, Renuka and Karki, Tika Bahadur and Neupane, Reshama and Bhattarai, Rajendra Kumar and Chaulagain, Bhimsen and Kaduwal, Sangita and Das, Soni Kumari},
 doi = {10.3126/ajn.v6i1.47955},
 journal = {Agronomy Journal of Nepal},
 number = {},
 pages = {132-144},
 title = {The Systems Productivity, Profitability and Soil Properties are Altered by Tillage Methods and Cropping Systems in the Mid-hills of Nepal},
 url = {https://www.nepjol.info/index.php/AJN/article/view/47955},
 volume = {},
 year = {2022}
}

@article{3U2KIYEM,
 author = {Amer, Kamal H. and Samak, Abdellateif A. and Hatfield, Jerry L.},
 doi = {10.4236/jwarp.2016.83024},
 journal = {Journal of Water Resource and Protection},
 number = {03},
 pages = {277-292},
 title = {Effect of Irrigation Method and Non-Uniformity of Irrigation on Potato Performance and Quality},
 url = {http://www.scirp.org/journal/doi.aspx?DOI=10.4236/jwarp.2016.83024},
 volume = {08},
 year = {2016}
}

@article{458S9JBT,
 author = {Adhikari, Kripa and Bhandari, Sudip and Aryal, Krishna and Mahato, Mohan and Shrestha, Jiban},
 doi = {10.3126/janr.v4i2.33656},
 journal = {Journal of Agriculture and Natural Resources},
 number = {2},
 pages = {48-62},
 title = {Effect of different levels of nitrogen on growth and yield of hybrid maize (Zea mays L.) varieties},
 url = {https://www.nepjol.info/index.php/janr/article/view/33656},
 volume = {4},
 year = {2021}
}

@article{49CXCV3C,
 author = {Shrestha, Anish and Baral, Samata},
 doi = {10.26480/esmy.02.2018.20.24},
 journal = {Earth Science Malaysia},
 number = {2},
 pages = {20-24},
 title = {SOCIOECONOMIC FACTORS AFFECTING AWARENESS AND ADAPTION OF CLIMATE CHANGE: A CASE STUDY OF BANKE DISTRICT NEPAL},
 url = {https://earthsciencesmalaysia.com/download/13571/},
 volume = {2},
 year = {2018}
}

@article{49JBVTNZ,
 author = {Pokhara University, Nepal,  and Devkota, Niranjan and Paija, Nirash and Nepal Academy of Tourism and Hotel Management, },
 doi = {10.37801/ajad2020.17.2.4},
 journal = {Asian Journal of Agriculture and Development},
 number = {2},
 pages = {63-78},
 title = {Impact of Climate Change on Paddy Production: Evidence from Nepal},
 url = {https://ajad.searca.org/read-articles/13-view-article?aid=1191},
 volume = {17},
 year = {2020}
}

@article{4W8U8XAW,
 author = {Deutsch, Curtis A. and Tewksbury, Joshua J. and Tigchelaar, Michelle and Battisti, David S. and Merrill, Scott C. and Huey, Raymond B. and Naylor, Rosamond L.},
 doi = {10.1126/science.aat3466},
 journal = {Science},
 number = {6405},
 pages = {916-919},
 title = {Increase in crop losses to insect pests in a warming climate},
 url = {https://www.science.org/doi/10.1126/science.aat3466},
 volume = {361},
 year = {2018}
}

@article{4ZGNCLFL,
 author = {Chaulagain, Bhimsen and Karki, Tika Bahadur and Neupane, Reshama and Bhattarai, Rajendra Kumar and Gyawaly, Pankaj and Kaduwal, Sangita and Das, Soni Kumari},
 doi = {10.3126/ajn.v6i1.47948},
 journal = {Agronomy Journal of Nepal},
 number = {},
 pages = {87-94},
 title = {Response of Rice Establishment Methods on Different Dates on Yield and Yield Attributing Characteristics of Rice in Mid-hills of Nepal},
 url = {https://www.nepjol.info/index.php/AJN/article/view/47948},
 volume = {},
 year = {2022}
}

@article{547I7DKC,
 author = {Shrestha, Lajana and Shrestha, Narayan Kumar},
 doi = {10.2166/wcc.2016.153},
 journal = {Journal of Water and Climate Change},
 number = {2},
 pages = {320-335},
 title = {Assessment of climate change impact on crop yield and irrigation water requirement of two major cereal crops (rice and wheat) in Bhaktapur district, Nepal},
 url = {https://iwaponline.com/jwcc/article/8/2/320/1766/Assessment-of-climate-change-impact-on-crop-yield},
 volume = {8},
 year = {2017}
}

@article{5ANPZK3I,
 author = {Budhathoki, Nanda Kaji and Paton, Douglas and A. Lassa, Jonatan and Zander, Kerstin K.},
 doi = {10.1016/j.ijdrr.2020.101656},
 journal = {International Journal of Disaster Risk Reduction},
 number = {},
 pages = {101656},
 title = {Assessing farmersâ€™ preparedness to cope with the impacts of multiple climate change-related hazards in the Terai lowlands of Nepal},
 url = {https://linkinghub.elsevier.com/retrieve/pii/S2212420920300534},
 volume = {49},
 year = {10/2020}
}

@article{5ZY3ULZ5,
 author = {Kaduwal, Sangita and Karki, Tika Bahadhur and Neupane, Reshama and Bhattarai, Rajendra Kumar and Chaulagain, Bhimsen and Ghimire, Prakash and Gyawaly, Pankaj and Das, Soni Kumari},
 doi = {10.3126/ajn.v6i1.47953},
 journal = {Agronomy Journal of Nepal},
 number = {},
 pages = {119-131},
 title = {Conservation Agriculture in Maize-based Cropping System of Nepal: A Review},
 url = {https://www.nepjol.info/index.php/AJN/article/view/47953},
 volume = {},
 year = {2022}
}

@article{6D4U9EIC,
 author = {Shrestha, Anish and Baral, Samata},
 doi = {10.26480/esmy.02.2018.20.24},
 journal = {Earth Science Malaysia},
 number = {2},
 pages = {20-24},
 title = {SOCIOECONOMIC FACTORS AFFECTING AWARENESS AND ADAPTION OF CLIMATE CHANGE: A CASE STUDY OF BANKE DISTRICT NEPAL},
 url = {https://earthsciencesmalaysia.com/download/13571/},
 volume = {2},
 year = {2018}
}

@article{6ZR7NZXT,
 author = {Dhital, Goma and Marahatta, Santosh and Karki, Tika Bahadhur and Basnet, Komal Bahadhur},
 doi = {10.3126/ajn.v6i1.47938},
 journal = {Agronomy Journal of Nepal},
 number = {},
 pages = {59-68},
 title = {Response of Different Levels of Nitrogen and Plant Population to Grain Yield of Winter Hybrid Maize in Chitwan Valley},
 url = {https://www.nepjol.info/index.php/AJN/article/view/47938},
 volume = {},
 year = {2022}
}

@article{7KTME5HE,
 author = {Gautam, Roshana and Shriwastav, Chandeshwor Prasad and Lamichhane, Sarita and Baral, Bandhu Raj and Gahlaut, Vijay},
 doi = {10.1155/2021/4142743},
 journal = {International Journal of Agronomy},
 number = {},
 pages = {1-10},
 title = {The Residual Effect of Pre-Rice Green Manuring on a Succeeding Wheat Crop (Triticum aestivum L.) in the Rice-Wheat Cropping System in Banke, Nepal},
 url = {https://www.hindawi.com/journals/ija/2021/4142743/},
 volume = {2021},
 year = {2021}
}

@article{7MRTA9TZ,
 author = {Karki, Tika Bahadur and Gyawaly, Pankaj and Sah, Shrawan Kumar and Marahatta, Santosh and Gyawaly, Chetan},
 doi = {10.3126/ajn.v6i1.47967},
 journal = {Agronomy Journal of Nepal},
 number = {},
 pages = {170-179},
 title = {Weed Control Efficiencies, Grain Yield and Economics as Affected by Seedbed Preparation and Weed Management Practices in Central Terai, Nepal},
 url = {https://www.nepjol.info/index.php/AJN/article/view/47967},
 volume = {},
 year = {2022}
}

@article{7TBZYZ5X,
 author = {Jha, Prabhat and Chandra Dhakal, Shiva},
 doi = {10.3126/njst.v20i1.39389},
 journal = {Nepal Journal of Science and Technology},
 number = {2},
 pages = {41-45},
 title = {Factors of Production Influencing Gross Domestic Product in Nepal},
 url = {https://www.nepjol.info/index.php/NJST/article/view/39389},
 volume = {19},
 year = {2021}
}

@article{8TNVVSD3,
 author = {Dahal, Hari},
 doi = {10.54517/ama.v5i1.2401},
 journal = {Advances in Modern Agriculture},
 number = {1},
 pages = {},
 title = {A new approach to measure spatial variability of soil parameters and field technique to test-value specific fertilizer recommendations},
 url = {https://aber.apacsci.com/index.php/ama/article/view/2401},
 volume = {5},
 year = {2024}
}

@article{8UY758LH,
 author = {Malla, G.},
 doi = {10.3126/aej.v9i0.2119},
 journal = {Journal of Agriculture and Environment},
 number = {},
 pages = {62-71},
 title = {Climate Change and Its Impact on Nepalese Agriculture},
 url = {https://www.nepjol.info/index.php/AEJ/article/view/2119},
 volume = {9},
 year = {2009}
}

@article{8XG9QL6H,
 author = {Acharya, Milan and Khanal, Prabha and Marahatta, Santosh and Sah, Shrawan Kumar and Subedi, Purushottam},
 doi = {10.3126/ajn.v6i1.47969},
 journal = {Agronomy Journal of Nepal},
 number = {},
 pages = {186-199},
 title = {Assessment of Nutrient Expert Tool for Fertilizer Management in Rice at Fulbari, Chitwan, Nepal},
 url = {https://www.nepjol.info/index.php/AJN/article/view/47969},
 volume = {},
 year = {2022}
}

@article{9I39L42X,
 author = {Joshi, Purushotam and Pant, Parkash and Bhatta, Bimal and Joshi, Kabita and Joshi, Nabin and Joshi, Hema},
 doi = {10.26480/mbmj.02.2022.47.52},
 journal = {Malaysian Business Management Journal},
 number = {2},
 pages = {47-52},
 title = {HOUSEHOLD DEMAND OF FRUITS AND VEGETABLES IN KANCHANPUR DISTRICT, NEPAL},
 url = {https://mbmj.com.my/archives/2mbmj2022/2mbmj2022-47-52.pdf},
 volume = {1},
 year = {2022}
}

@article{9ITYJXBS,
 author = {Mishra, B and Chaudhary, Rn},
 doi = {10.3126/ajn.v1i0.7551},
 journal = {Agronomy Journal of Nepal},
 number = {},
 pages = {113-122},
 title = {Sustainability of productivity in rice-mustard sequential cropping system through integrated nutrient management for terai condition of Nepal},
 url = {https://www.nepjol.info/index.php/AJN/article/view/7551},
 volume = {1},
 year = {2013}
}

@article{9SXTLDZX,
 author = {Risal, Avay and Urfels, Anton and Srinivasan, Raghavan and Bayissa, Yared and Shrestha, Nirman and Paudel, Gokul P. and Krupnik, Timothy J.},
 doi = {10.3390/hydrology9080132},
 journal = {Hydrology},
 number = {8},
 pages = {132},
 title = {Impact of Climate Change on Water Resources and Crop Production in Western Nepal: Implications and Adaptation Strategies},
 url = {https://www.mdpi.com/2306-5338/9/8/132},
 volume = {9},
 year = {2022}
}

@article{9U6N74YH,
 author = {Gautam, Roshana and Shriwastav, Chandeshwor Prasad and Lamichhane, Sarita and Baral, Bandhu Raj and Gahlaut, Vijay},
 doi = {10.1155/2021/4142743},
 journal = {International Journal of Agronomy},
 number = {},
 pages = {1-10},
 title = {The Residual Effect of Pre-Rice Green Manuring on a Succeeding Wheat Crop (Triticum aestivum L.) in the Rice-Wheat Cropping System in Banke, Nepal},
 url = {https://www.hindawi.com/journals/ija/2021/4142743/},
 volume = {2021},
 year = {2021}
}

@article{AP3W9UBE,
 author = {Acharya, Shankar Prasad and Bhatta, Guna Raj},
 doi = {10.3126/nrber.v25i2.52682},
 journal = {NRB Economic Review},
 number = {2},
 pages = {1-16},
 title = {Impact of Climate Change on Agricultural Growth in Nepal},
 url = {https://www.nepjol.info/index.php/nrber/article/view/52682},
 volume = {25},
 year = {2013}
}

@article{AVHAFRW7,
 author = {Lamichhane, Sarita and Khanal, Babu Ram and Jaishi, Ajay and Bhatta, Sandesh and Gautam, Roshana and Shrestha, Jiban},
 doi = {10.3126/ajn.v6i1.47994},
 journal = {Agronomy Journal of Nepal},
 number = {},
 pages = {200-212},
 title = {Effect of Integrated Use of Farmyard Manure and Chemical Fertilizers on Soil Properties and Productivity of Rice in Chitwan},
 url = {https://www.nepjol.info/index.php/AJN/article/view/47994},
 volume = {},
 year = {2022}
}

@article{B7BZU4Z5,
 author = {Dhakal, Anjana},
 doi = {10.26480/fabm.01.2021.06.09},
 journal = {Food & Agribusiness Management},
 number = {1},
 pages = {06-09},
 title = {PRESENT STATUS OF GRAIN LEGUMES PRODUCTION IN NEPAL},
 url = {https://fabm.org.my/download/706},
 volume = {2},
 year = {2020}
}

@article{BJDUFWR6,
 author = {Kiehl, J. T. and Hack, J. J. and Bonan, G. B. and Boville, B. A. and Williamson, D. L. and Rasch, P. J.},
 doi = {10.1175/1520-0442(1998)011<1131:TNCFAR>2.0.CO;2},
 journal = {Journal of Climate},
 number = {6},
 pages = {1131-1149},
 title = {The National Center for Atmospheric Research Community Climate Model: CCM3*},
 url = {http://journals.ametsoc.org/doi/10.1175/1520-0442(1998)011<1131:TNCFAR>2.0.CO;2},
 volume = {11},
 year = {06/1998}
}

@article{BRADC7L8,
 author = {Siregar, Risdawati and Asnah, Asnah},
 doi = {10.24952/tazkir.v8i1.5284},
 journal = {Tazkir: Jurnal Penelitian Ilmu-ilmu Sosial dan Keislaman},
 number = {1},
 pages = {91-106},
 title = {The Role of Women in Supporting the Economic Condition of the Poor: An Analysis of Gender Issues on Farming Families},
 url = {http://jurnal.iain-padangsidimpuan.ac.id/index.php/TZ/article/view/5284},
 volume = {8},
 year = {2022}
}

@article{BTHGXXWE,
 author = {Nepal, Santosh and Neupane, Nilhari and Belbase, Devesh and Pandey, Vishnu Prasad and Mukherji, Aditi},
 doi = {10.1080/07900627.2019.1694867},
 journal = {International Journal of Water Resources Development},
 number = {1},
 pages = {67-93},
 title = {Achieving water security in Nepal through unravelling the water-energy-agriculture nexus},
 url = {https://www.tandfonline.com/doi/full/10.1080/07900627.2019.1694867},
 volume = {37},
 year = {2021}
}

@article{BVTCKA6F,
 author = {Lal, Rattan},
 doi = {10.2489/jswc.75.2.27A},
 journal = {Journal of Soil and Water Conservation},
 number = {2},
 pages = {27A-32A},
 title = {Soil organic matter content and crop yield},
 url = {http://www.jswconline.org/lookup/doi/10.2489/jswc.75.2.27A},
 volume = {75},
 year = {2020}
}

@article{BZ88SYNI,
 author = {Gyawali, Pramod and Khanal, Saugat},
 doi = {10.5455/faa.89753},
 journal = {Fundamental and Applied Agriculture},
 number = {0},
 pages = {1},
 title = {Overview of Agriculture in Nepal: Issues and strategies to cope with},
 url = {https://ejmanager.com/fulltextpdf.php?mno=89753},
 volume = {},
 year = {2021}
}

@article{CCZJ4MDY,
 author = {Shambhu, K. and Shubh, P.S.Y. and Abishek, K. and Nikita, K. and Shobita, N.},
 doi = {10.18551/rjoas.2023-07.03},
 journal = {Russian Journal of Agricultural and Socio-Economic Sciences},
 number = {7},
 pages = {16-32},
 title = {CEREAL IMPORT AND CONSUMPTION PATTERNS IN NEPAL â€“ ANALYSIS OF RICE, WHEAT, MAIZE, AND MILLET: A REVIEW},
 url = {http://rjoas.com/issue-2023-07/article_03.pdf},
 volume = {139},
 year = {2023}
}

@article{D7MEQTY6,
 author = {Mayas, Ali Mohammed and Al-Hakimi, Khaled Ali Ahmed},
 doi = {10.47372/uajnas.2021.n1.a07},
 journal = {University of Aden Journal of Natural and Applied Sciences},
 number = {1},
 pages = {71-86},
 title = {Evolution of land suitability and capability for some crops growth using LSSM model at Al-Gabbanah valley, Ibb, Yemen},
 url = {https://uajnas.adenuniv.com/index.php/uajnas/article/view/108},
 volume = {25},
 year = {2021}
}

@article{DFDVVXBU,
 author = {Manandhar, Sujata and Vogt, Dietrich Schmidt and Perret, Sylvain R. and Kazama, Futaba},
 doi = {10.1007/s10113-010-0137-1},
 journal = {Regional Environmental Change},
 number = {2},
 pages = {335-348},
 title = {Adapting cropping systems to climate change in Nepal: a cross-regional study of farmersâ€™ perception and practices},
 url = {http://link.springer.com/10.1007/s10113-010-0137-1},
 volume = {11},
 year = {6/2011}
}

@article{DW6DX7AT,
 author = {Thakur, Shree Bhagavan},
 doi = {10.3126/aej.v18i0.19897},
 journal = {Journal of Agriculture and Environment},
 number = {},
 pages = {120-130},
 title = {Climate change related policy environment in agriculture and food security in Nepal},
 url = {https://www.nepjol.info/index.php/AEJ/article/view/19897},
 volume = {18},
 year = {2018}
}

@article{DZHULEKJ,
 author = {Baral, Br and Pande, Kr and Gaihr, Yk and Baral, Kr and Sah, Sk and Thapa, Yb},
 doi = {10.3329/sja.v17i2.45311},
 journal = {SAARC Journal of Agriculture},
 number = {2},
 pages = {267-277},
 title = {Farmersâ€™ Fertilizer Application Gap In Ricebased Cropping System: A Case Studyof Nepal},
 url = {https://www.banglajol.info/index.php/SJA/article/view/45311},
 volume = {17},
 year = {2020}
}

@article{EAH8P4RS,
 author = {Adhikari, Mandeep and Adhikari, Nav Raj and Sharma, Subarna and Gairhe, Janmajaya and Bhandari, Rishi Ram and Paudel, Sakshi},
 doi = {10.4236/ajcc.2019.82013},
 journal = {American Journal of Climate Change},
 number = {02},
 pages = {228-236},
 title = {Evaluation of Drought Tolerant Rice Cultivars Using Drought Tolerant Indices under Water Stress and Irrigated Condition},
 url = {http://www.scirp.org/journal/doi.aspx?DOI=10.4236/ajcc.2019.82013},
 volume = {08},
 year = {2019}
}

@article{EUZSK6X4,
 author = {Thapa-Parajuli, Resham and Devkota, Niranjan},
 doi = {10.9734/AJAEES/2016/22555},
 journal = {Asian Journal of Agricultural Extension, Economics & Sociology},
 number = {2},
 pages = {1-14},
 title = {Impact of Climate Change on Wheat Production in Nepal},
 url = {https://journalajaees.com/index.php/AJAEES/article/view/399},
 volume = {9},
 year = {2016}
}

@article{F86LVFWD,
 author = {Kang, Yinhong and Khan, Shahbaz and Ma, Xiaoyi},
 doi = {10.1016/j.pnsc.2009.08.001},
 journal = {Progress in Natural Science},
 number = {12},
 pages = {1665-1674},
 title = {Climate change impacts on crop yield, crop water productivity and food security â€“ A review},
 url = {https://linkinghub.elsevier.com/retrieve/pii/S1002007109002810},
 volume = {19},
 year = {12/2009}
}

@article{FAG2WPKQ,
 author = {Khatri, Narayan and Pandey, Bisheshwor Prasad and Rawal, Nabin and Gyawali, Chetan and Paneru, Prakash and Pant, Khem Raj and Upadhyay, Chandra Prakash and Poudel, Govinda Prasad and Bista, Mamata},
 doi = {10.3126/ajn.v7i1.62086},
 journal = {Agronomy Journal of Nepal},
 number = {},
 pages = {74-81},
 title = {Effects of Nitrogen Levels on Growth and Yield of Some Newly Released Wheat Genotypes under Bhairahawa Condition},
 url = {https://www.nepjol.info/index.php/AJN/article/view/62086},
 volume = {7},
 year = {2023}
}

@article{GAMXWGWM,
 author = {Rawal, Nabin and Acharya, Keshav Kumar and Bam, Chet Raj and Acharya, Kamal},
 doi = {10.3126/ijasbt.v6i2.20424},
 journal = {International Journal of Applied Sciences and Biotechnology},
 number = {2},
 pages = {142-151},
 title = {Soil Fertility Mapping of Different VDCs of Sunsari District, Nepal Using GIS},
 url = {https://www.nepjol.info/index.php/IJASBT/article/view/20424},
 volume = {6},
 year = {2018}
}

@article{GK98ZXGX,
 author = {Fuller, Dorian Q and Denham, Tim and Arroyo-Kalin, Manuel and Lucas, Leilani and Stevens, Chris J. and Qin, Ling and Allaby, Robin G. and Purugganan, Michael D.},
 doi = {10.1073/pnas.1308937110},
 journal = {Proceedings of the National Academy of Sciences},
 number = {17},
 pages = {6147-6152},
 title = {Convergent evolution and parallelism in plant domestication revealed by an expanding archaeological record},
 url = {https://pnas.org/doi/full/10.1073/pnas.1308937110},
 volume = {111},
 year = {2014}
}

@article{HH2MJJPF,
 author = {Wells, Jonathan C. K. and Stock, Jay T.},
 doi = {10.3389/fendo.2020.00325},
 journal = {Frontiers in Endocrinology},
 number = {},
 pages = {325},
 title = {Life History Transitions at the Origins of Agriculture: A Model for Understanding How Niche Construction Impacts Human Growth, Demography and Health},
 url = {https://www.frontiersin.org/article/10.3389/fendo.2020.00325/full},
 volume = {11},
 year = {2020}
}

@article{HTJUQJHR,
 author = {Shrestha, Ram Krishna},
 doi = {10.3126/aej.v11i0.3660},
 journal = {Journal of Agriculture and Environment},
 number = {},
 pages = {126-137},
 title = {Fertilizer Policy Development in Nepal},
 url = {https://www.nepjol.info/index.php/AEJ/article/view/3660},
 volume = {11},
 year = {2010}
}

@article{HTLSBS6U,
 author = {Shrestha, Anish and Baral, Samata},
 doi = {10.26480/esmy.02.2018.20.24},
 journal = {Earth Science Malaysia},
 number = {2},
 pages = {20-24},
 title = {SOCIOECONOMIC FACTORS AFFECTING AWARENESS AND ADAPTION OF CLIMATE CHANGE: A CASE STUDY OF BANKE DISTRICT NEPAL},
 url = {https://earthsciencesmalaysia.com/download/13571/},
 volume = {2},
 year = {2018}
}

@article{I2WI8BDD,
 author = {AngelakÎ¹s, Andreas N. and Zaccaria, Daniele and Krasilnikoff, Jens and Salgot, Miquel and Bazza, Mohamed and Roccaro, Paolo and Jimenez, Blanca and Kumar, Arun and Yinghua, Wang and Baba, Alper and Harrison, Jessica Anne and Garduno-Jimenez, Andrea and Fereres, Elias},
 doi = {10.3390/w12051285},
 journal = {Water},
 number = {5},
 pages = {1285},
 title = {Irrigation of World Agricultural Lands: Evolution through the Millennia},
 url = {https://www.mdpi.com/2073-4441/12/5/1285},
 volume = {12},
 year = {2020}
}

@article{IBZ3YNBB,
 author = {Sharma, K and Khanal, Sn},
 doi = {10.3126/kuset.v6i2.4022},
 journal = {Kathmandu University Journal of Science, Engineering and Technology},
 number = {2},
 pages = {133-141},
 title = {A review and analysis of existing legal and policy issues related to land tenure and agriculture in Nepal},
 url = {https://www.nepjol.info/index.php/KUSET/article/view/4022},
 volume = {6},
 year = {1970}
}

@article{IFKRK82L,
 author = {Thapa-Parajuli, Resham and Devkota, Niranjan},
 doi = {10.9734/AJAEES/2016/22555},
 journal = {Asian Journal of Agricultural Extension, Economics & Sociology},
 number = {2},
 pages = {1-14},
 title = {Impact of Climate Change on Wheat Production in Nepal},
 url = {https://journalajaees.com/index.php/AJAEES/article/view/399},
 volume = {9},
 year = {2016}
}

@article{ILMDW8EZ,
 author = {Devkota, Niranjan and Phuyal, Ram Kumar},
 doi = {10.3126/jodas.v23i1-2.15445},
 journal = {Journal of Development and Administrative Studies},
 number = {1-2},
 pages = {1-22},
 title = {Climatic Impact on Wheat Production in Terai of Nepal},
 url = {https://www.nepjol.info/index.php/JODAS/article/view/15445},
 volume = {23},
 year = {2016}
}

@article{J8BMPKTG,
 author = {College of Humanities and Social Sciences, Kampala International University, Uganda,  and Isse, Ahmed Mohamed},
 doi = {10.59298/INOSRES/2024/1.44.6010},
 journal = {INOSR EXPERIMENTAL SCIENCES},
 number = {1},
 pages = {44-60},
 title = {The Effect of Climate Change on Food Security in Gedo, Jubaland, Somalia},
 url = {https://www.inosr.net/the-effect-of-climate-change-on-food-security-in-gedo-jubaland-somalia/},
 volume = {13},
 year = {2024}
}

@article{JQ69P3JH,
 author = {Gyawali, Pramod and Khanal, Saugat},
 doi = {10.5455/faa.89753},
 journal = {Fundamental and Applied Agriculture},
 number = {0},
 pages = {1},
 title = {Overview of Agriculture in Nepal: Issues and strategies to cope with},
 url = {https://ejmanager.com/fulltextpdf.php?mno=89753},
 volume = {},
 year = {2021}
}

@article{JWSGQ7EK,
 author = {Khanal, Uttam and Wilson, Clevo and Hoang, Viet-Ngu and Lee, Boon},
 doi = {10.1016/j.ecolecon.2017.08.006},
 journal = {Ecological Economics},
 number = {},
 pages = {139-147},
 title = {Farmers' Adaptation to Climate Change, Its Determinants and Impacts on Rice Yield in Nepal},
 url = {https://linkinghub.elsevier.com/retrieve/pii/S0921800917302811},
 volume = {144},
 year = {02/2018}
}

@article{JZPQIAR3,
 author = {Jha, Ajay and Malla, Razan and Sharma, Mohan and Panthi, Jeeban and Lakhankar, Tarendra and Krakauer, Nir and Pradhanang, Soni and Dahal, Piyush and Shrestha, Madan},
 doi = {10.3390/cli4010004},
 journal = {Climate},
 number = {1},
 pages = {4},
 title = {Impact of Irrigation Method on Water Use Efficiency and Productivity of Fodder Crops in Nepal},
 url = {https://www.mdpi.com/2225-1154/4/1/4},
 volume = {4},
 year = {2016}
}

@article{K4APZAVS,
 author = {Biswas, Asit K.},
 doi = {10.1061/(ASCE)0733-9437(1989)115:6(1051)},
 journal = {Journal of Irrigation and Drainage Engineering},
 number = {6},
 pages = {1051-1064},
 title = {Irrigation in Nepal: Opportunities and Constraints},
 url = {https://ascelibrary.org/doi/10.1061/%28ASCE%290733-9437%281989%29115%3A6%281051%29},
 volume = {115},
 year = {12/1989}
}

@article{KHDKJ7Q5,
 author = {Muluneh, Melese Genete},
 doi = {10.1186/s40066-021-00318-5},
 journal = {Agriculture & Food Security},
 number = {1},
 pages = {36},
 title = {Impact of climate change on biodiversity and food security: a global perspectiveâ€”a review article},
 url = {https://agricultureandfoodsecurity.biomedcentral.com/articles/10.1186/s40066-021-00318-5},
 volume = {10},
 year = {2021}
}

@article{KM3XEAM7,
 author = {Baral, Br and Pande, Kr and Gaihr, Yk and Baral, Kr and Sah, Sk and Thapa, Yb},
 doi = {10.3329/sja.v17i2.45311},
 journal = {SAARC Journal of Agriculture},
 number = {2},
 pages = {267-277},
 title = {Farmersâ€™ Fertilizer Application Gap In Ricebased Cropping System: A Case Studyof Nepal},
 url = {https://www.banglajol.info/index.php/SJA/article/view/45311},
 volume = {17},
 year = {2020}
}

@article{KRB9Z7WK,
 author = {Pokhara University, Nepal,  and Devkota, Niranjan and Paija, Nirash and Nepal Academy of Tourism and Hotel Management, },
 doi = {10.37801/ajad2020.17.2.4},
 journal = {Asian Journal of Agriculture and Development},
 number = {2},
 pages = {63-78},
 title = {Impact of Climate Change on Paddy Production: Evidence from Nepal},
 url = {https://ajad.searca.org/read-articles/13-view-article?aid=1191},
 volume = {17},
 year = {2020}
}

@article{KRPDLGV4,
 author = {Dawadi, Binod and Shrestha, Anjula and Acharya, Ram Hari and Dhital, Yam Prasad and Devkota, Rohini},
 doi = {10.1016/j.regsus.2022.07.002},
 journal = {Regional Sustainability},
 number = {2},
 pages = {122-132},
 title = {Impact of climate change on agricultural production: A case of Rasuwa District, Nepal},
 url = {https://linkinghub.elsevier.com/retrieve/pii/S2666660X22000329},
 volume = {3},
 year = {06/2022}
}

@article{L5JVEVH6,
 author = {Raut, Nani and Sitaula, Bishal K.},
 doi = {10.5539/sar.v1n2p188},
 journal = {Sustainable Agriculture Research},
 number = {2},
 pages = {188},
 title = {Assessment of Fertilizer Policy, Farmersâ€™ Perceptions and Implications for Future Agricultural Development in Nepal},
 url = {http://www.ccsenet.org/journal/index.php/sar/article/view/19007},
 volume = {1},
 year = {2012}
}

@article{LGE3BMYG,
 author = {Shrestha, Nirman and Raes, Dirk and Sah, Shrawan Kumar},
 doi = {10.1016/j.proenv.2013.06.085},
 journal = {Procedia Environmental Sciences},
 number = {},
 pages = {767-775},
 title = {Strategies to Improve Cereal Production in the Terai Region (Nepal) during Dry Season: Simulations With Aquacrop},
 url = {https://linkinghub.elsevier.com/retrieve/pii/S1878029613003551},
 volume = {19},
 year = {2013}
}

@article{LHQLXL76,
 author = {Amgain, Lal Prasad and Dhakal, Devid and Bhandari, Laxmi},
 doi = {10.3126/ajn.v6i1.47919},
 journal = {Agronomy Journal of Nepal},
 number = {},
 pages = {10-26},
 title = {Multi-year Prediction of Wheat Yield under the Changing Climatic Scenarios in Central-west Terai using DSSAT Crop Model},
 url = {https://www.nepjol.info/index.php/AJN/article/view/47919},
 volume = {},
 year = {2022}
}

@article{LJYJTQ2X,
 author = {Nguyen Duy Can, },
 doi = {10.17265/2162-5263/2019.04.004},
 journal = {Journal of Environmental Science and Engineering B},
 number = {4},
 pages = {},
 title = {Assessing Livelihood Vulnerability to Salinity Intrusion and Climate Variability A Case Study in Coastal Provinces of the Mekong River Delta of Vietnam},
 url = {http://www.davidpublisher.org/index.php/Home/Article/index?id=41656.html},
 volume = {8},
 year = {2019}
}

@article{LU7FGBU8,
 author = {Singh, Harpal and Verma, Shreya and Kamboj, Harsh and Dutt, Mukul and Dureja, Aastha and Dalai, Akash},
 doi = {10.22271/tpi.2022.v11.i12So.17671},
 journal = {The Pharma Innovation},
 number = {12S},
 pages = {1109-1116},
 title = {Socio-economic status for qualitative and quantitative assessment towards crop diversification and sustainable agriculture under different components Punjab},
 url = {https://www.thepharmajournal.com/special-issue?year=2022&vol=11&issue=12S&ArticleId=17671},
 volume = {11},
 year = {2022}
}

@article{M5N2YCZN,
 author = {Malla, G.},
 doi = {10.3126/aej.v9i0.2119},
 journal = {Journal of Agriculture and Environment},
 number = {},
 pages = {62-71},
 title = {Climate Change and Its Impact on Nepalese Agriculture},
 url = {https://www.nepjol.info/index.php/AEJ/article/view/2119},
 volume = {9},
 year = {2009}
}

@article{MFLBNNCL,
 author = {Dobermann, Achim and Bruulsema, Tom and Cakmak, Ismail and Gerard, Bruno and Majumdar, Kaushik and McLaughlin, Michael and Reidsma, Pytrik and Vanlauwe, Bernard and Wollenberg, Lini and Zhang, Fusuo and Zhang, Xin},
 doi = {10.1016/j.gfs.2022.100636},
 journal = {Global Food Security},
 number = {},
 pages = {100636},
 title = {Responsible plant nutrition: A new paradigm to support food system transformation},
 url = {https://linkinghub.elsevier.com/retrieve/pii/S221191242200027X},
 volume = {33},
 year = {06/2022}
}

@article{MIK3X3LF,
 author = {Ghimire, Sujan and Dhakal, Ananta},
 doi = {10.11648/j.ijae.20210605.12},
 journal = {International Journal of Agricultural Economics},
 number = {5},
 pages = {212},
 title = {Effects of Agricultural Inputs Use on Agricultural Productivity in Nepal: An Empirical Study},
 url = {http://www.sciencepublishinggroup.com/journal/paperinfo?journalid=232&doi=10.11648/j.ijae.20210605.12},
 volume = {6},
 year = {2021}
}

@article{MTQCMFDM,
 author = {Bagale, Kosh Bilash and Adhikari, Ramesh and Acharya, Devaraj and Torgerson, Paul R.},
 doi = {10.1371/journal.pntd.0011082},
 journal = {PLOS Neglected Tropical Diseases},
 number = {2},
 pages = {e0011082},
 title = {Regional variation in knowledge and practice regarding common zoonoses among livestock farmers of selective districts in Nepal},
 url = {https://dx.plos.org/10.1371/journal.pntd.0011082},
 volume = {17},
 year = {2023}
}

@article{MXJF8WAV,
 author = {Regmi, Hem R.},
 doi = {10.3126/aej.v8i0.723},
 journal = {Journal of Agriculture and Environment},
 number = {},
 pages = {20-29},
 title = {Effect of unusual weather on cereal crop production and household food security},
 url = {https://www.nepjol.info/index.php/AEJ/article/view/723},
 volume = {8},
 year = {2007}
}

@article{N2IQHAWB,
 author = {Chapagain, Prem Sagar and Ghimire, Payaswini and Yan, Jianzhong and Cheng, Xian and Liu, Linshan and Zhang, Yili},
 doi = {10.3126/gjn.v15i01.42883},
 journal = {Geographical Journal of Nepal},
 number = {},
 pages = {1-22},
 title = {Drivers of changing crops and cropping patterns in the different elevation zones of middle mountain, Nepal},
 url = {https://www.nepjol.info/index.php/gjn/article/view/42883},
 volume = {},
 year = {2022}
}

@article{NA9NPHY6,
 author = {Haghverdi, Amir and Leib, Brian and Washington-Allen, Robert and Wright, Wesley C. and Ghodsi, Somayeh and Grant, Timothy and Zheng, Muzi and Vanchiasong, Phue},
 doi = {10.3390/agriculture9020043},
 journal = {Agriculture},
 number = {2},
 pages = {43},
 title = {Studying Crop Yield Response to Supplemental Irrigation and the Spatial Heterogeneity of Soil Physical Attributes in a Humid Region},
 url = {https://www.mdpi.com/2077-0472/9/2/43},
 volume = {9},
 year = {2019}
}

@article{NNVYW34P,
 author = {Manandhar, Sujata and Vogt, Dietrich Schmidt and Perret, Sylvain R. and Kazama, Futaba},
 doi = {10.1007/s10113-010-0137-1},
 journal = {Regional Environmental Change},
 number = {2},
 pages = {335-348},
 title = {Adapting cropping systems to climate change in Nepal: a cross-regional study of farmersâ€™ perception and practices},
 url = {http://link.springer.com/10.1007/s10113-010-0137-1},
 volume = {11},
 year = {6/2011}
}

@article{PDLYMQ4F,
 author = {Karki, Tika Bahadur and Neupane, Reshama and Bhattarai, Rajendra Kumar and Chaulagain, Bhimsen and Kaduwal, Sangita and Gyawaly, Pankaj and Das, Soni Kumari and Shrestha, Jiban},
 doi = {10.3126/ajn.v6i1.47952},
 journal = {Agronomy Journal of Nepal},
 number = {},
 pages = {103-118},
 title = {Bridging the Yield Gaps of Major Cereals through Agronomic Interventions in Nepal},
 url = {https://www.nepjol.info/index.php/AJN/article/view/47952},
 volume = {},
 year = {2022}
}

@article{Q5ZUNGIU,
 author = {Devkota, Niranjan and Phuyal, Ram Kumar},
 doi = {10.3126/jodas.v23i1-2.15445},
 journal = {Journal of Development and Administrative Studies},
 number = {1-2},
 pages = {1-22},
 title = {Climatic Impact on Wheat Production in Terai of Nepal},
 url = {https://www.nepjol.info/index.php/JODAS/article/view/15445},
 volume = {23},
 year = {2016}
}

@article{Q7DHC8V4,
 author = {Khanal, Kapil and Adhikari, Kalika Bahadur and Dhakal, Shiva Chandra and Marahatta, Santosh},
 doi = {10.3126/ijssm.v8i1.31748},
 journal = {International Journal of Social Sciences and Management},
 number = {1},
 pages = {285-291},
 title = {Factors Motivating Farmers for Collective Action for Management of Irrigation System in Nepal},
 url = {https://www.nepjol.info/index.php/IJSSM/article/view/31748},
 volume = {8},
 year = {2021}
}

@article{QQTW93D5,
 author = {Bhusal, Sudhan},
 doi = {10.31080/ASAG.2019.03.0550},
 journal = {Acta Scientific Agriculture},
 number = {7},
 pages = {234-238},
 title = {Agricultural Impacts of Climate Change and the Climate Change Adaptations- A Nepalese Context Review},
 url = {https://actascientific.com/ASAG/pdf/ASAG-03-0550.pdf},
 volume = {3},
 year = {2019}
}

@article{R7FHXQI5,
 author = {Thrall, Peter H. and Bever, James D. and Burdon, Jeremy J.},
 doi = {10.1111/j.1752-4571.2010.00155.x},
 journal = {Evolutionary Applications},
 number = {5-6},
 pages = {405-408},
 title = {Evolutionary change in agriculture: the past, present and future},
 url = {https://onlinelibrary.wiley.com/doi/10.1111/j.1752-4571.2010.00155.x},
 volume = {3},
 year = {09/2010}
}

@article{REB64CN6,
 author = {Burgan, Halil Ä°brahim and Icaga, Yilmaz},
 doi = {10.18400/tekderg.416067},
 journal = {Teknik Dergi},
 number = {2},
 pages = {9029-9051},
 title = {Flood Analysis Using Adaptive Hydraulics (ADH) Model in Akarcay Basin},
 url = {http://dergipark.org.tr/en/doi/10.18400/tekderg.416067},
 volume = {30},
 year = {2019}
}

@article{RHWSDA9M,
 author = {Shrestha, Anish and Baral, Samata},
 doi = {10.17582/journal.sja/2018/34.4.760.766},
 journal = {Sarhad Journal of Agriculture},
 number = {4},
 pages = {},
 title = {Impacts of Climate Change on Livestock and Livestock Produces: A Case Study of Banke District, Nepal},
 url = {http://researcherslinks.com/current-issues/Impacts%20of%20Climate-Change-on-Livestock-and-Livestock-Produces-A-Case-Study-of-Banke-District-Nepal/14/1/1777/html},
 volume = {34},
 year = {2018}
}

@article{RQPH9UZZ,
 author = {Adhikari, Mandeep and Adhikari, Nav Raj and Sharma, Subarna and Gairhe, Janmajaya and Bhandari, Rishi Ram and Paudel, Sakshi},
 doi = {10.4236/ajcc.2019.82013},
 journal = {American Journal of Climate Change},
 number = {02},
 pages = {228-236},
 title = {Evaluation of Drought Tolerant Rice Cultivars Using Drought Tolerant Indices under Water Stress and Irrigated Condition},
 url = {http://www.scirp.org/journal/doi.aspx?DOI=10.4236/ajcc.2019.82013},
 volume = {08},
 year = {2019}
}

@article{RZ3JKLHK,
 author = {Pandey, Vishnu Prasad and Shrestha, Nirman and Urfels, Anton and Ray, Anupama and Khadka, Manohara and Pavelic, Paul and McDonald, Andrew J. and Krupnik, Timothy J.},
 doi = {10.1016/j.agwat.2023.108287},
 journal = {Agricultural Water Management},
 number = {},
 pages = {108287},
 title = {Implementing conjunctive management of water resources for irrigation development: A framework applied to the Southern Plain of Western Nepal},
 url = {https://linkinghub.elsevier.com/retrieve/pii/S037837742300152X},
 volume = {283},
 year = {06/2023}
}

@article{S6XJD5BF,
 author = {Thakur, Shree Bhagavan},
 doi = {10.3126/aej.v18i0.19897},
 journal = {Journal of Agriculture and Environment},
 number = {},
 pages = {120-130},
 title = {Climate change related policy environment in agriculture and food security in Nepal},
 url = {https://www.nepjol.info/index.php/AEJ/article/view/19897},
 volume = {18},
 year = {2018}
}

@article{SFR67YUV,
 author = {Devkota, Rohini P.},
 doi = {10.4236/jep.2014.54029},
 journal = {Journal of Environmental Protection},
 number = {04},
 pages = {255-265},
 title = {Climate Change: Trends and Peopleâ€™s Perception in Nepal},
 url = {http://www.scirp.org/journal/doi.aspx?DOI=10.4236/jep.2014.54029},
 volume = {05},
 year = {2014}
}

@article{SNZL583U,
 author = {Bhusal, Sudhan},
 doi = {10.31080/ASAG.2019.03.0550},
 journal = {Acta Scientific Agriculture},
 number = {7},
 pages = {234-238},
 title = {Agricultural Impacts of Climate Change and the Climate Change Adaptations- A Nepalese Context Review},
 url = {https://actascientific.com/ASAG/pdf/ASAG-03-0550.pdf},
 volume = {3},
 year = {2019}
}

@article{T6HYJ3C7,
 author = {Karki, Tika Bahadur and Neupane, Reshama and Bhattarai, Rajendra Kumar and Chaulagain, Bhimsen and Kaduwal, Sangita and Gyawaly, Pankaj and Das, Soni Kumari and Shrestha, Jiban},
 doi = {10.3126/ajn.v6i1.47952},
 journal = {Agronomy Journal of Nepal},
 number = {},
 pages = {103-118},
 title = {Bridging the Yield Gaps of Major Cereals through Agronomic Interventions in Nepal},
 url = {https://www.nepjol.info/index.php/AJN/article/view/47952},
 volume = {},
 year = {2022}
}

@article{TN8INESL,
 author = {Pokhrel, Anil and Karki, Tika Bahadur and Dangi, Sangharsh Raj},
 doi = {10.3126/ajn.v6i1.47941},
 journal = {Agronomy Journal of Nepal},
 number = {},
 pages = {75-86},
 title = {Increasing the Productivity of Lentil through Agronomic Interventions in Nepal},
 url = {https://www.nepjol.info/index.php/AJN/article/view/47941},
 volume = {},
 year = {2022}
}

@article{TUQI7TWX,
 author = {Devkota, D.C. and Gosai, K.R. and Devkota, D.},
 doi = {10.3126/njes.v5i0.22715},
 journal = {Nepal Journal of Environmental Science},
 number = {},
 pages = {49-56},
 title = {Economic impact analysis of current climate change variability and future impacts in agricultural sector of Nepal},
 url = {https://www.nepjol.info/index.php/njes/article/view/22715},
 volume = {5},
 year = {2017}
}

@article{U9MF37V9,
 author = {Neupane, H. and Adhikari, M. and Rauniyar, P. B.},
 doi = {10.3126/jiaas.v33i0.20701},
 journal = {Journal of the Institute of Agriculture and Animal Science},
 number = {},
 pages = {177-186},
 title = {Farmersâ€™ perception on role of cooperatives in agriculture practices of major cereal crops in western terai of Nepal},
 url = {https://www.nepjol.info/index.php/JIAAS/article/view/20701},
 volume = {},
 year = {2018}
}

@article{ULPLEF3C,
 author = {Sharma, K and Khanal, Sn},
 doi = {10.3126/kuset.v6i2.4022},
 journal = {Kathmandu University Journal of Science, Engineering and Technology},
 number = {2},
 pages = {133-141},
 title = {A review and analysis of existing legal and policy issues related to land tenure and agriculture in Nepal},
 url = {https://www.nepjol.info/index.php/KUSET/article/view/4022},
 volume = {6},
 year = {1970}
}

@article{UMW6Z8JL,
 author = {Regmi, Hem R.},
 doi = {10.3126/aej.v8i0.723},
 journal = {Journal of Agriculture and Environment},
 number = {},
 pages = {20-29},
 title = {Effect of unusual weather on cereal crop production and household food security},
 url = {https://www.nepjol.info/index.php/AEJ/article/view/723},
 volume = {8},
 year = {2007}
}

@article{UP26PB4V,
 author = {Nayava, Janak Lal and Gurung, Dil Bahadur},
 doi = {10.3126/aej.v11i0.3653},
 journal = {Journal of Agriculture and Environment},
 number = {},
 pages = {59-69},
 title = {Impact of Climate Change on Production and Productivity: A Case Study of Maize Research and Development In Nepal},
 url = {https://www.nepjol.info/index.php/AEJ/article/view/3653},
 volume = {11},
 year = {2010}
}

@article{UXRC42VH,
 author = {Basyal, Chetana and Ghimire, Sarthak and Panthi, Bipin and Basyal, Sudarshan},
 doi = {10.22161/ijeab.45.46},
 journal = {International Journal of Environment, Agriculture and Biotechnology},
 number = {5},
 pages = {1584-1588},
 title = {Constraints of paddy production in Western Terai of Nepal},
 url = {https://ijeab.com/detail/constraints-of-paddy-production-in-western-terai-of-nepal/},
 volume = {4},
 year = {2019}
}

@article{V5B5NSRI,
 author = {Das, Soni Kumari and Karki, Tika Bahadur and Gyawaly, Pankaj and Neupane, Reshama and Bhattarai, Rajendra Kumar and Kaduwal, Sangita and Chaulagain, Bhimsen},
 doi = {10.3126/ajn.v6i1.47949},
 journal = {Agronomy Journal of Nepal},
 number = {},
 pages = {95-102},
 title = {Regenerative Agriculture and its Prospects in Nepal: A Review},
 url = {https://www.nepjol.info/index.php/AJN/article/view/47949},
 volume = {},
 year = {2022}
}

@article{VCGGQWA6,
 author = {Sharma, Hridesh and G.C., Sagar and Khadka, Bakhat and Bhandari, Nabin},
 doi = {10.3126/jiaas.v37i1.56971},
 journal = {Journal of the Institute of Agriculture and Animal Science},
 number = {},
 pages = {31-40},
 title = {Cropping Pattern, Production Status and Farmerâ€™s Indigenous Practices of Local Crops in Humla District, Nepal},
 url = {https://www.nepjol.info/index.php/JIAAS/article/view/56971},
 volume = {},
 year = {2023}
}

@article{VIPC8UTU,
 author = {Kharel, Menila and Dahal, Bed Mani and Raut, Nani},
 doi = {10.1016/j.jafr.2022.100447},
 journal = {Journal of Agriculture and Food Research},
 number = {},
 pages = {100447},
 title = {Good agriculture practices for safe food and sustainable agriculture in Nepal: A review},
 url = {https://linkinghub.elsevier.com/retrieve/pii/S2666154322001806},
 volume = {10},
 year = {12/2022}
}

@article{VZYDFLGR,
 author = {Elagca, Adnan and Dis, Muhammet Omer},
 doi = {10.4025/actascitechnol.v44i1.58360},
 journal = {Acta Scientiarum. Technology},
 number = {},
 pages = {e58360},
 title = {Application of Arc-GIS, HEC-GeoHMS and HEC-HMS in a holistic sense for estimation of rainfall-runoff process: case study over Ballikaya Basin},
 url = {https://periodicos.uem.br/ojs/index.php/ActaSciTechnol/article/view/58360},
 volume = {44},
 year = {2022}
}

@article{W4UQNIPJ,
 author = {Aydinalp, Cumhur and Cresser, Malcolm S},
 doi = {},
 journal = {Environ. Sci.},
 number = {},
 pages = {},
 title = {The Effects of Global Climate Change on Agriculture},
 url = {},
 volume = {},
 year = {2008}
}

@article{WJBVUH7J,
 author = {Aizen, Marcelo A. and Aguiar, SebastiÃ¡n and Biesmeijer, Jacobus C. and Garibaldi, Lucas A. and Inouye, David W. and Jung, Chuleui and Martins, Dino J. and Medel, Rodrigo and Morales, Carolina L. and Ngo, Hien and Pauw, Anton and Paxton, Robert J. and SÃ¡ez, AgustÃ­n and Seymour, Colleen L.},
 doi = {10.1111/gcb.14736},
 journal = {Global Change Biology},
 number = {10},
 pages = {3516-3527},
 title = {Global agricultural productivity is threatened by increasing pollinator dependence without a parallel increase in crop diversification},
 url = {https://onlinelibrary.wiley.com/doi/10.1111/gcb.14736},
 volume = {25},
 year = {10/2019}
}

@article{WLP4I2S5,
 author = {Vivekananda, Janani and Schilling, Janpeter and Smith, Dan},
 doi = {10.1080/14650045.2014.964863},
 journal = {Geopolitics},
 number = {4},
 pages = {911-936},
 title = {Understanding Resilience in Climate Change and Conflict Affected Regions of Nepal},
 url = {http://www.tandfonline.com/doi/full/10.1080/14650045.2014.964863},
 volume = {19},
 year = {2014}
}

@article{XCTS4G3R,
 author = {Raj Dhungel, Kamal},
 doi = {10.56397/LE.2022.10.04},
 journal = {Law and Economy},
 number = {3},
 pages = {},
 title = {Income Inequality in Nepal},
 url = {https://www.paradigmpress.org/le/article/view/212},
 volume = {1},
 year = {10/2022}
}

@article{XD4JCJ5N,
 author = {Subedi, Nisha and Poudel, Samir},
 doi = {10.26480/trab.01.2020.47.51},
 journal = {Tropical Agrobiodiversity},
 number = {1},
 pages = {47-51},
 title = {EFFECTS OF CLIMATE CHANGE ON AGRICULTURE AND ITS MITIGATION THROUGH CLIMATE SMART AGRICULTURE PRACTICES IN NEPAL},
 url = {https://trab.org.my/download/1526},
 volume = {1},
 year = {2020}
}

@article{XHXDELZI,
 author = {Shrestha, Asha Thapa Deepa and Baudhacharya, Nisha and Ramtel, Ranjeeta and Thapa, Sony and Poudel, Suraj},
 doi = {10.26480/aim.02.2020.33.36},
 journal = {Acta Informatica Malaysia},
 number = {2},
 pages = {33-36},
 title = {INFORMATION AND COMMUNICATION TECHNOLOGY (ICT) MEDIATED EXTENSION SERVICES IN AGRICULTURE IN NEPAL- A REVIEW},
 url = {https://actainformaticamalaysia.com/download/1169},
 volume = {4},
 year = {2020}
}

@article{Y6RS6Y57,
 author = {Niroula, Neelam and Kobayashi, Kazuhiko and Xu, Jianqing},
 doi = {10.2480/agrmet.D-14-00025},
 journal = {Journal of Agricultural Meteorology},
 number = {1},
 pages = {15-23},
 title = {Sunshine duration is declining in Nepal across the period from 1987 to 2010},
 url = {https://www.jstage.jst.go.jp/article/agrmet/71/1/71_D-14-00025/_article},
 volume = {71},
 year = {2015}
}

@article{Y982TGKX,
 author = {Kharel, Meena and Ghimire, Yuga Nath and Timsina, Krishna Prasad and Adhikari, Surya Prasad and Subedi, Sanjiv and Poudel, Hema Kumari},
 doi = {10.3126/janr.v4i2.33844},
 journal = {Journal of Agriculture and Natural Resources},
 number = {2},
 pages = {238-245},
 title = {Economics of production and marketing of wheat in Rupandehi district of Nepal},
 url = {https://www.nepjol.info/index.php/janr/article/view/33844},
 volume = {4},
 year = {2021}
}

@article{YEU4CFIL,
 author = {Dhakal, S.C. and Regmi, P.P. and Thapa, R.B. and Sah, S.K. and Khatri-Chhetri, D.B.},
 doi = {10.3126/ijasbt.v3i4.13525},
 journal = {International Journal of Applied Sciences and Biotechnology},
 number = {4},
 pages = {604-608},
 title = {Resource Use Efficiency of Mustard Production in Chitwan District of Nepal},
 url = {https://www.nepjol.info/index.php/IJASBT/article/view/13525},
 volume = {3},
 year = {2015}
}

@article{YZ3ZQZGQ,
 author = {Habib-ur-Rahman, Muhammad and Ahmad, Ashfaq and Raza, Ahsan and Hasnain, Muhammad Usama and Alharby, Hesham F. and Alzahrani, Yahya M. and Bamagoos, Atif A. and Hakeem, Khalid Rehman and Ahmad, Saeed and Nasim, Wajid and Ali, Shafaqat and Mansour, Fatma and El Sabagh, Ayman},
 doi = {10.3389/fpls.2022.925548},
 journal = {Frontiers in Plant Science},
 number = {},
 pages = {925548},
 title = {Impact of climate change on agricultural production; Issues, challenges, and opportunities in Asia},
 url = {https://www.frontiersin.org/articles/10.3389/fpls.2022.925548/full},
 volume = {13},
 year = {2022}
}

@article{Z5GEYHDM,
 author = {Ali, Akhter and Erenstein, Olaf},
 doi = {10.1016/j.crm.2016.12.001},
 journal = {Climate Risk Management},
 number = {},
 pages = {183-194},
 title = {Assessing farmer use of climate change adaptation practices and impacts on food security and poverty in Pakistan},
 url = {https://linkinghub.elsevier.com/retrieve/pii/S2212096316301164},
 volume = {16},
 year = {2017}
}

@article{ZDLLXPKQ,
 author = {Yu, Jialing and Wu, Jian},
 doi = {10.3390/su10061776},
 journal = {Sustainability},
 number = {6},
 pages = {1776},
 title = {The Sustainability of Agricultural Development in China: The Agricultureâ€“Environment Nexus},
 url = {https://www.mdpi.com/2071-1050/10/6/1776},
 volume = {10},
 year = {2018}
}

@article{ZLRKRNPV,
 author = {Simkhada, Suresh},
 doi = {10.31080/ASAG.2019.03.0650},
 journal = {Acta Scientific Agriculture},
 number = {10},
 pages = {77-78},
 title = {Review on Nepalâ€™s Increasing Agricultural Import},
 url = {https://actascientific.com/ASAG/pdf/ASAG-03-0650.pdf},
 volume = {3},
 year = {2019}
}

@article{ZMES2WRM,
 author = {Adhikari, Kripa and Bhandari, Sudip and Aryal, Krishna and Mahato, Mohan and Shrestha, Jiban},
 doi = {10.3126/janr.v4i2.33656},
 journal = {Journal of Agriculture and Natural Resources},
 number = {2},
 pages = {48-62},
 title = {Effect of different levels of nitrogen on growth and yield of hybrid maize (Zea mays L.) varieties},
 url = {https://www.nepjol.info/index.php/janr/article/view/33656},
 volume = {4},
 year = {2021}
}

@article{ZVXMBAS4,
 author = {Waddington, Stephen R. and Li, Xiaoyun and Dixon, John and Hyman, Glenn and De Vicente, M. Carmen},
 doi = {10.1007/s12571-010-0053-8},
 journal = {Food Security},
 number = {1},
 pages = {27-48},
 title = {Getting the focus right: production constraints for six major food crops in Asian and African farming systems},
 url = {http://link.springer.com/10.1007/s12571-010-0053-8},
 volume = {2},
 year = {3/2010}
}
