@article{26X5HAFF,
 author = {Upadhayaya, Rajedra Prasad and Baral, Madhab Prasad},
 doi = {10.3126/jjis.v9i1.35284},
 journal = {Janapriya Journal of Interdisciplinary Studies},
 number = {1},
 pages = {148-158},
 title = {Trends of Climate Change in Some Selected Districts of Western Nepal},
 url = {https://www.nepjol.info/index.php/JJIS/article/view/35284},
 volume = {9},
 year = {2020}
}

@article{2B6AFP2M,
 author = {Panagos, Panos and Standardi, Gabriele and Borrelli, Pasquale and Lugato, Emanuele and Montanarella, Luca and Bosello, Francesco},
 doi = {10.1002/ldr.2879},
 journal = {Land Degradation & Development},
 number = {3},
 pages = {471-484},
 title = {Cost of agricultural productivity loss due to soil erosion in the European Union: From direct cost evaluation approaches to the use of macroeconomic models},
 url = {https://onlinelibrary.wiley.com/doi/10.1002/ldr.2879},
 volume = {29},
 year = {03/2018}
}

@article{2XQUEWGG,
 author = {Aryal, Dibit and Wang, Lei and Adhikari, Tirtha Raj and Zhou, Jing and Li, Xiuping and Shrestha, Maheswor and Wang, Yuanwei and Chen, Deliang},
 doi = {10.3390/w12020540},
 journal = {Water},
 number = {2},
 pages = {540},
 title = {A Model-Based Flood Hazard Mapping on the Southern Slope of Himalaya},
 url = {https://www.mdpi.com/2073-4441/12/2/540},
 volume = {12},
 year = {2020}
}

@article{3FYMMUDZ,
 author = {Gyawaly, Pankaj and Shrestha, Renuka and Karki, Tika Bahadur and Neupane, Reshama and Bhattarai, Rajendra Kumar and Chaulagain, Bhimsen and Kaduwal, Sangita and Das, Soni Kumari},
 doi = {10.3126/ajn.v6i1.47955},
 journal = {Agronomy Journal of Nepal},
 number = {},
 pages = {132-144},
 title = {The Systems Productivity, Profitability and Soil Properties are Altered by Tillage Methods and Cropping Systems in the Mid-hills of Nepal},
 url = {https://www.nepjol.info/index.php/AJN/article/view/47955},
 volume = {},
 year = {2022}
}
